
@Book{Now06,
author = {Nowak, M. A.},
title = {Evolutionary dynamics: exploring the equations of life},
publisher = {The Belkan press of Harvard university press},
year = {2006},
address = {Cambridge, Massachusetts and London, England}
}

@Book{Hof98,
author = "Hofbauer, J. and Sigmund, K.",
title = "Evolutionary Games and Pupulation Dynamics",
year = "1998",
address ="Cambridge"
}

@Book{Str01,
author = "Straffin P.",
title = "Teoria gier",
publisher = "Wydawnictwo Naukowe SCHOLAR",
year = "2001",
address = "Warszawa"
}

@misc{Qt,
title = "QT Main site",
howpublished = "\url{http://doc.qt.io/}",
note = "2017-09-01"
}

@misc{Tut,
title = "Qt5 Tutorial OpenGL with QGLWidget - 2017",
howpublished = "\url{http://www.bogotobogo.com/Qt/Qt5_OpenGL_QGLWidget.php}",
note = "2017-09-01"
}

@misc{Fsmd,
title = "Finite State Machine Designer",
howpublished = "\url{http://madebyevan.com/fsm/}",
note = "2017-12-20"
}

@misc{Crf,
title = "C++ regerence",
howpublished = "\url{http://en.cppreference.com/}",
note = "2017-12-26"
}


@misc{Sza,
title = "MSc/Eng Thesis template of University of Science and Technology in Krakow (AGH)",
howpublished = "\url{https://www.sharelatex.com/templates/thesis/agh}",
note = "2017-09-01"
}
